@article{Dhawan2020,
  title={Online Learning: A Panacea in the Time of COVID-19 Crisis},
  author={Dhawan, Shivangi},
  journal={Journal of Educational Technology Systems},
  volume={49},
  number={1},
  pages={5--22},
  year={2020},
  publisher={Sage Publications},
  doi={10.1177/0047239520934018}
}

@misc{OECD2020,
  title={Education responses to COVID-19: Embracing digital learning and online collaboration},
  author={OECD},
  year={2020},
  howpublished={\url{https://www.oecd.org/coronavirus/policy-responses/education-responses-to-covid-19-embracing-digital-learning-and-online-collaboration-d75eb0e8/}}
}

@article{Kuh2007,
  title={How to help students achieve},
  author={Kuh, George D.},
  journal={Chronicle of Higher Education},
  volume={53},
  number={41},
  pages={B12--B13},
  year={2007}
}

@book{Tinto2012,
  title={Completing College: Rethinking Institutional Action},
  author={Tinto, Vincent},
  year={2012},
  publisher={University of Chicago Press}
}

@article{Siemens2013,
  title={Learning analytics: The emergence of a discipline},
  author={Siemens, George},
  journal={American Behavioral Scientist},
  volume={57},
  number={10},
  pages={1380--1400},
  year={2013},
  publisher={Sage Publications},
  doi={10.1177/0002764213498851}
}

@article{Kuzilek2017,
  title={Open University Learning Analytics dataset},
  author={Kuzilek, Jakub and Hlosta, Martin and Zdrahal, Zdenek},
  journal={Scientific Data},
  volume={4},
  pages={170171},
  year={2017},
  publisher={Nature Publishing Group},
  doi={10.1038/sdata.2017.171}
}

@article{Hunter2007,
  title={Matplotlib: A 2D graphics environment},
  author={Hunter, John D.},
  journal={Computing in Science \& Engineering},
  volume={9},
  number={3},
  pages={90--95},
  year={2007},
  publisher={IEEE}
}

@article{Waskom2021,
  title={Seaborn: statistical data visualization},
  author={Waskom, Michael L.},
  journal={Journal of Open Source Software},
  volume={6},
  number={60},
  pages={3021},
  year={2021}
}

@misc{IMD2019,
  title={English Indices of Deprivation 2019},
  author={Ministry of Housing, Communities \& Local Government},
  year={2019},
  howpublished={\url{https://www.gov.uk/government/statistics/english-indices-of-deprivation-2019}}
}
